@book{boole1847mathematical,
  title={The Mathematical Analysis of Logic},
  author={Boole, G.},
  lccn={49008803},
  url={https://books.google.pl/books?id=zv4YAQAAIAAJ},
  year={1847},
  publisher={Philosophical Library}
}

@misc(HistoryOfLogic,
    organization={Encyclopædia Britannica},
    title={Moore’s law},    
    howpublished={\url{https://www.britannica.com/topic/Moores-law/}}
)

@book{jevons2015pure,
  title={Pure Logic: Or, the Logic of Quality Apart from Quantity; With Remarks on Boole's System and on the Relation of Logic and Mathematics},
  author={Jevons, W.S.},
  isbn={9781297695698},
  url={https://books.google.pl/books?id=oKkujgEACAAJ},
  year={2015},
  publisher={Bibliolife DBA of Bibilio Bazaar II LLC}
}

@book{jukna:2013,
  title={Extremal Combinatorics: With Applications in Computer Science},
  author={Jukna, S.},
  isbn={9783662046500},
  lccn={00055604},
  series={Texts in Theoretical Computer Science. An EATCS Series},
  url={https://books.google.pl/books?id=8-ipCAAAQBAJ},
  year={2013},
  publisher={Springer Berlin Heidelberg}
}

@inproceedings{Cook:1971,
 author = {Cook, Stephen A.},
 title = {The Complexity of Theorem-proving Procedures},
 booktitle = {Proceedings of the Third Annual ACM Symposium on Theory of Computing},
 series = {STOC '71},
 year = {1971},
 url = {http://doi.acm.org/10.1145/800157.805047},
 publisher = {ACM},
 address = {New York, NY, USA},
} 

@book{vanLeeuwen:1991,
 editor = {van Leeuwen, Jan},
 title = {Handbook of Theoretical Computer Science (Vol. A): Algorithms and Complexity},
 year = {1990},
 isbn = {0-444-88071-2},
 publisher = {MIT Press},
 address = {Cambridge, MA, USA},
}

@book{Matravers:2011,
 editor = {Matravers, J.},
 title = {Introduction to computer systems architecture and programming},
 year = {2011},
 publisher = {LSE}
}

@misc{Millennium,
  title = {Millennium Problems, Clay Mathematics Institute},
  howpublished = {\url{www.claymath.org/millennium-problems}},
  note = {Accessed: 2018-05-08}
}

@book{Biere:2009,
 author = {Biere, A. and Heule, M. and van Maaren, H. and Walsh, T.},
 title = {Handbook of Satisfiability: Volume 185 Frontiers in Artificial Intelligence and Applications},
 year = {2009},
 isbn = {1586039296, 9781586039295},
 publisher = {IOS Press},
 address = {Amsterdam, The Netherlands, The Netherlands},
}

@misc{Satcomp,
  title = {The international SAT Competition},
  howpublished = {\url{www.satcompetition.org}},
  note = {Accessed: 2018-05-08}
}

@Unpublished{Uni,
  title = {Boolean SATisfiability},
  author = {In\^{e}s Lynce},
  note = {Materials from ACAI course, Lille},
  month = {October},
  year = {2015}
}

@misc{ToughSAT,
  title = {ToughSAT generator -- Generator of boolean CNF formulas},
  howpublished = {\url{www.toughsat.appspot.com/}},
  note = {Accessed: 2018-05-09}
}

@book{Johnson:1996,
 author = {D. S. Johnson and M. A. Trick},
 title = {liques, Coloring and Satisfiability: Second DIMACS Implementation Challenge, volume 26.},
 year = {1996},
 publisher = {American Mathematical Society}
}

@article{Franco:1993,
  title={On the Occurrence of Null Clauses in Random Instances of Satisfiability},
  author={John V. Franco},
  journal={Discrete Applied Mathematics},
  year={1993},
  volume={41},
  pages={203-209}
}

@article{cut-set,
  title={Guiding SAT solving by formula partitioning},
  author={Mann, Zolt{\'a}n {\'A}d{\'a}m and Papp, P{\'a}l Andr{\'a}s},
  journal={International Journal on Artificial Intelligence Tools},
  volume={26},
  number={04},
  pages={1750011},
  year={2017},
  publisher={World Scientific}
}

@inproceedings{alsinet2004max,
  title={A Max-SAT solver with lazy data structures},
  author={Alsinet, Teresa and Manya, Felip and Planes, Jordi},
  booktitle={Ibero-American Conference on Artificial Intelligence},
  pages={334--342},
  year={2004},
  organization={Springer}
}

@inproceedings{sorensson2009minimizing,
  title={Minimizing learned clauses},
  author={S{\"o}rensson, Niklas and Biere, Armin},
  booktitle={International Conference on Theory and Applications of Satisfiability Testing},
  pages={237--243},
  year={2009},
  organization={Springer}
}

@inproceedings{liang2016learning,
  title={Learning rate based branching heuristic for SAT solvers},
  author={Liang, Jia Hui and Ganesh, Vijay and Poupart, Pascal and Czarnecki, Krzysztof},
  booktitle={International Conference on Theory and Applications of Satisfiability Testing},
  pages={123--140},
  year={2016},
  organization={Springer}
}

@inproceedings{heule2011cube,
  title={Cube and conquer: Guiding CDCL SAT solvers by lookaheads},
  author={Heule, Marijn JH and Kullmann, Oliver and Wieringa, Siert and Biere, Armin},
  booktitle={Haifa Verification Conference},
  pages={50--65},
  year={2011},
  organization={Springer}
}

@BOOK{ben-ari:2001,
  title = {Mathematical Logic for Computer Science},
  publisher = {Springer-Verlag},
  year = {2001},
  author = {Mordechai Ben-Ari},
  address = {London}
}
